% Encoding: UTF-8

@Book{bird,
  author    = {Richard Bird and Philip Wadler},
  publisher = {Prentice Hall},
  title     = {Introduction to functional programming},
  year      = {1988},
}


